@article{RN94,
   author = {Butts, Carter T},
   title = {4. A relational event framework for social action},
   journal = {Sociological Methodology},
   volume = {38},
   number = {1},
   pages = {155-200},
   ISSN = {0081-1750},
   year = {2008},
   type = {Journal Article}
}

@article{RN114,
   author = {Butts, Carter T},
   title = {network: a Package for Managing Relational Data in R},
   journal = {Journal of statistical software},
   volume = {24},
   number = {2},
   pages = {1-36},
   year = {2008},
   type = {Journal Article}
}

@article{RN115,
   author = {Caimo, Alberto and Friel, Nial},
   title = {Bayesian inference for exponential random graph models},
   journal = {Social Networks},
   volume = {33},
   number = {1},
   pages = {41-55},
   ISSN = {0378-8733},
   year = {2011},
   type = {Journal Article}
}

@article{RN116,
   author = {Caimo, Alberto and Friel, Nial},
   title = {Bayesian model selection for exponential random graph models},
   journal = {Social Networks},
   volume = {35},
   number = {1},
   pages = {11-24},
   ISSN = {0378-8733},
   year = {2013},
   type = {Journal Article}
}

@article{RN98,
   author = {Frank, Ove},
   title = {Statistical analysis of change in networks},
   journal = {Statistica Neerlandica},
   volume = {45},
   number = {3},
   pages = {283-293},
   ISSN = {0039-0402},
   year = {1991},
   type = {Journal Article}
}

@article{RN117,
   author = {Frank, Ove and Strauss, David},
   title = {Markov graphs},
   journal = {Journal of the american Statistical association},
   volume = {81},
   number = {395},
   pages = {832-842},
   ISSN = {0162-1459},
   year = {1986},
   type = {Journal Article}
}

@article{RN96,
   author = {Geyer, Charles J and Thompson, Elizabeth A},
   title = {Constrained Monte Carlo maximum likelihood for dependent data},
   journal = {Journal of the Royal Statistical Society: Series B (Methodological)},
   volume = {54},
   number = {3},
   pages = {657-683},
   ISSN = {0035-9246},
   year = {1992},
   type = {Journal Article}
}

@book{RN97,
   author = {Handcock, Mark S},
   title = {Statistical models for social networks: Inference and degeneracy},
   publisher = {na},
   year = {2003},
   type = {Book}
}

@article{RN99,
   author = {Handcock, Mark S and Gile, Krista J},
   title = {Modeling social networks from sampled data},
   journal = {The Annals of Applied Statistics},
   volume = {4},
   number = {1},
   pages = {5},
   year = {2010},
   type = {Journal Article}
}

@article{RN101,
   author = {Handcock, Mark S and Hunter, David R and Butts, Carter T and Goodreau, Steven M and Morris, Martina},
   title = {statnet: Software tools for the representation, visualization, analysis and simulation of network data},
   journal = {Journal of statistical software},
   volume = {24},
   number = {1},
   pages = {1548},
   year = {2008},
   type = {Journal Article}
}

@article{RN102,
   author = {Holland, Paul W and Leinhardt, Samuel},
   title = {A dynamic model for social networks},
   journal = {Journal of Mathematical Sociology},
   volume = {5},
   number = {1},
   pages = {5-20},
   ISSN = {0022-250X},
   year = {1977},
   type = {Journal Article}
}

@article{RN118,
   author = {Hunter, David R},
   title = {Curved exponential family models for social networks},
   journal = {Social networks},
   volume = {29},
   number = {2},
   pages = {216-230},
   ISSN = {0378-8733},
   year = {2007},
   type = {Journal Article}
}

@article{RN103,
   author = {Hunter, David R and Goodreau, Steven M and Handcock, Mark S},
   title = {Goodness of fit of social network models},
   journal = {Journal of the American Statistical Association},
   volume = {103},
   number = {481},
   pages = {248-258},
   ISSN = {0162-1459},
   year = {2008},
   type = {Journal Article}
}

@article{RN104,
   author = {Hunter, David R and Handcock, Mark S},
   title = {Inference in curved exponential family models for networks},
   journal = {Journal of Computational and Graphical Statistics},
   volume = {15},
   number = {3},
   pages = {565-583},
   ISSN = {1061-8600},
   year = {2006},
   type = {Journal Article}
}

@article{RN100,
   author = {Hunter, David R and Handcock, Mark S and Butts, Carter T and Goodreau, Steven M and Morris, Martina},
   title = {ergm: A package to fit, simulate and diagnose exponential-family models for networks},
   journal = {Journal of statistical software},
   volume = {24},
   number = {3},
   pages = {nihpa54860},
   year = {2008},
   type = {Journal Article}
}

@article{RN95,
   author = {Jackson, Matthew O and Watts, Alison},
   title = {The evolution of social and economic networks},
   journal = {Journal of economic theory},
   volume = {106},
   number = {2},
   pages = {265-295},
   ISSN = {0022-0531},
   year = {2002},
   type = {Journal Article}
}

@article{RN105,
   author = {Koehly, Laura M and Goodreau, Steven M and Morris, Martina},
   title = {Exponential family models for sampled and census network data},
   journal = {Sociological Methodology},
   volume = {34},
   number = {1},
   pages = {241-270},
   ISSN = {0081-1750},
   year = {2004},
   type = {Journal Article}
}

@techreport{RN119,
   author = {Koskinen, JH},
   title = {Bayesian analysis of exponential random graphs-estimation of parameters and model selection},
   institution = {Research Report 2004: 2, Department of Statistics, Stockholm University},
   year = {2004},
   type = {Report}
}

@article{RN120,
   author = {Koskinen, Johan H and Robins, Garry L and Pattison, Philippa E},
   title = {Analysing exponential random graph (p-star) models with missing data using Bayesian data augmentation},
   journal = {Statistical Methodology},
   volume = {7},
   number = {3},
   pages = {366-384},
   ISSN = {1572-3127},
   year = {2010},
   type = {Journal Article}
}

@article{RN93,
   author = {Krivitsky, Pavel N and Handcock, Mark S},
   title = {A separable model for dynamic networks},
   journal = {Journal of the Royal Statistical Society. Series B, Statistical Methodology},
   volume = {76},
   number = {1},
   pages = {29},
   year = {2014},
   type = {Journal Article}
}

@article{RN106,
   author = {Krivitsky, Pavel N and Handcock, Mark S and Morris, Martina},
   title = {Adjusting for network size and composition effects in exponential-family random graph models},
   journal = {Statistical methodology},
   volume = {8},
   number = {4},
   pages = {319-339},
   ISSN = {1572-3127},
   year = {2011},
   type = {Journal Article}
}

@article{RN107,
   author = {Morris, Martina and Handcock, Mark S and Hunter, David R},
   title = {Specification of exponential-family random graph models: terms and computational aspects},
   journal = {Journal of statistical software},
   volume = {24},
   number = {4},
   pages = {1548},
   year = {2008},
   type = {Journal Article}
}

@article{RN121,
   author = {Morris, Martina and Handcock, Mark S and Hunter, David R},
   title = {Specification of exponential-family random graph models: terms and computational aspects},
   journal = {Journal of statistical software},
   volume = {24},
   number = {4},
   pages = {1548},
   year = {2008},
   type = {Journal Article}
}

@article{RN109,
   author = {Robins, Garry and Pattison, Philippa},
   title = {Random graph models for temporal processes in social networks},
   journal = {Journal of Mathematical Sociology},
   volume = {25},
   number = {1},
   pages = {5-41},
   ISSN = {0022-250X},
   year = {2001},
   type = {Journal Article}
}

@article{RN122,
   author = {Robins, Garry and Pattison, Pip and Kalish, Yuval and Lusher, Dean},
   title = {An introduction to exponential random graph (p*) models for social networks},
   journal = {Social networks},
   volume = {29},
   number = {2},
   pages = {173-191},
   ISSN = {0378-8733},
   year = {2007},
   type = {Journal Article}
}

@article{RN110,
   author = {Snijders, Tom AB},
   title = {The statistical evaluation of social network dynamics},
   journal = {Sociological methodology},
   volume = {31},
   number = {1},
   pages = {361-395},
   ISSN = {0081-1750},
   year = {2001},
   type = {Journal Article}
}

@article{RN111,
   author = {Snijders, Tom AB},
   title = {Models for longitudinal network data},
   journal = {Models and methods in social network analysis},
   volume = {1},
   pages = {215-247},
   year = {2005},
   type = {Journal Article}
}

@article{RN112,
   author = {Snijders, Tom AB and Steglich, Christian EG and Schweinberger, Michael},
   title = {Modeling the co-evolution of networks and behavior},
   journal = {Longitudinal models in the behavioral and related sciences},
   volume = {31},
   number = {4},
   pages = {41-71},
   year = {2007},
   type = {Journal Article}
}

@article{RN113,
   author = {Snijders, Tom AB and Van de Bunt, Gerhard G and Steglich, Christian EG},
   title = {Introduction to stochastic actor-based models for network dynamics},
   journal = {Social networks},
   volume = {32},
   number = {1},
   pages = {44-60},
   ISSN = {0378-8733},
   year = {2010},
   type = {Journal Article}
}

@article{RN123,
   author = {Wasserman, Stanley and Pattison, Philippa},
   title = {Logit models and logistic regressions for social networks: I. An introduction to Markov graphs andp},
   journal = {Psychometrika},
   volume = {61},
   number = {3},
   pages = {401-425},
   ISSN = {0033-3123},
   year = {1996},
   type = {Journal Article}
}


@article{RN124,
  author={Snijders, Tom AB},
  title={Markov chain Monte Carlo estimation of exponential random graph models},
  journal={Journal of Social Structure},
  volume={3},
  number={2},
  pages={1--40},
  year={2002},
  type = {Journal Article}
}

@inproceedings{RN125,
  title={Discrete temporal models of social networks},
  author={Hanneke, Steve and Xing, Eric P},
  booktitle={ICML Workshop on Statistical Network Analysis},
  pages={115--125},
  year={2006},
  organization={Springer}
}

@article{RN126,
  author={Hanneke, Steve and Fu, Wenjie and Xing, Eric P and others},
  title={Discrete temporal models of social networks},
  journal={Electronic Journal of Statistics},
  volume={4},
  pages={585--605},
  year={2010},
  publisher={The Institute of Mathematical Statistics and the Bernoulli Society},
  type = {Journal Article}
}

@article{RN127,
  title={MCMC for doubly-intractable distributions},
  author={Murray, Iain and Ghahramani, Zoubin and MacKay, David},
  journal={arXiv preprint arXiv:1206.6848},
  year={2012}
}

@article{RN128,
  title={New specifications for exponential random graph models},
  author={Snijders, Tom AB and Pattison, Philippa E and Robins, Garry L and Handcock, Mark S},
  journal={Sociological methodology},
  volume={36},
  number={1},
  pages={99--153},
  year={2006},
  publisher={Wiley Online Library}
}